@Book{SpaceDynamics,
author="Bates, R.R and Mueller, D.D and White, J.E",
title="Fundamentals of Astrodynamics",
year= "1971",
pages="362-379",
}

@misc{sphere,
   author = "Wikipedia",
   title = "Sphere of influence (astrodynamics) --- Wikipedia{,} The Free Encyclopedia",
   year = "2016",
   url = "https://en.wikipedia.org/w/index.php?title=Sphere_of_influence_(astrodynamics)&oldid=737567897",
   note = "[Online; accessed 3-September-2016]"
 }
